% applications of semantic distance
@inproceedings{emnlp/HughesR07,
  author    = {Thad Hughes and
               Daniel Ramage},
  title     = {Lexical Semantic Relatedness with Random Graph Walks},
  booktitle = {EMNLP-CoNLL 2007, Proceedings of the 2007 Joint Conference on Empirical
               Methods in Natural Language Processing and Computational Natural Language
               Learning, June 28-30, 2007, Prague, Czech Republic},
  pages     = {581--589},
  year      = {2007}
}
@inproceedings{icml/YangCS16,
  author    = {Zhilin Yang and
               William W. Cohen and
               Ruslan Salakhutdinov},
  title     = {Revisiting Semi-Supervised Learning with Graph Embeddings},
  booktitle = {Proceedings of the 33nd International Conference on Machine Learning,
               {ICML} 2016, New York City, NY, USA, June 19-24, 2016},
  pages     = {40--48},
  year      = {2016}
}
@inproceedings{icml/Lin98,
  author    = {Dekang Lin},
  title     = {An Information-Theoretic Definition of Similarity},
  booktitle = {Proceedings of the Fifteenth International Conference on Machine Learning
               {(ICML} 1998), Madison, Wisconsin, USA, July 24-27, 1998},
  pages     = {296--304},
  year      = {1998}
}
@inproceedings{RCLIC/Jiang97,
    title = "Semantic Similarity Based on Corpus Statistics and Lexical Taxonomy",
    author = "Jiang, Jay J.  and
      Conrath, David W.",
    booktitle = "Proceedings of the 10th Research on Computational Linguistics International Conference",
    month = aug,
    year = "1997",
    address = "Taipei, Taiwan",
    publisher = "The Association for Computational Linguistics and Chinese Language Processing (ACLCLP)",
    url = "https://www.aclweb.org/anthology/O97-1002",
    pages = "19--33",
}
@inproceedings{ijcai/PanHLJYZ18,
  author    = {Shirui Pan and
               Ruiqi Hu and
               Guodong Long and
               Jing Jiang and
               Lina Yao and
               Chengqi Zhang},
  title     = {Adversarially Regularized Graph Autoencoder for Graph Embedding},
  booktitle = {Proceedings of the Twenty-Seventh International Joint Conference on
               Artificial Intelligence, {IJCAI} 2018, July 13-19, 2018, Stockholm,
               Sweden},
  pages     = {2609--2615},
  year      = {2018}
}
@inproceedings{ijcai/Resnik95,
author = {Resnik, Philip},
  title = {Using Information Content to Evaluate Semantic Similarity in a Taxonomy},
  year = {1995},
  isbn = {1558603638},
  publisher = {Morgan Kaufmann Publishers Inc.},
  address = {San Francisco, CA, USA},
  booktitle = {Proceedings of the 14th International Joint Conference on Artificial Intelligence - Volume 1},
  pages = {448–453},
  numpages = {6},
  location = {Montreal, Quebec, Canada},
  series = {IJCAI’95}
}
@inbook{Leacock98,
  author = {Leacock, Claudia and Chodorow, Martin},
  year = {1998},
  month = {01},
  pages = {265-},
  title = {Combining Local Context and WordNet Similarity for Word Sense Identification},
  volume = {49},
  journal = {WordNet: An Electronic Lexical Database}
}
@misc{wu1994verb,
    title={Verb Semantics and Lexical Selection},
    author={Zhibiao Wu and Martha Palmer},
    year={1994},
    eprint={cmp-lg/9406033},
    archivePrefix={arXiv},
    primaryClass={cmp-lg}
}
@article{tkde/CaiZC18,
  author    = {HongYun Cai and
               Vincent W. Zheng and
               Kevin Chen{-}Chuan Chang},
  title     = {A Comprehensive Survey of Graph Embedding: Problems, Techniques, and
               Applications},
  journal   = {{IEEE} Trans. Knowl. Data Eng.},
  volume    = {30},
  number    = {9},
  pages     = {1616--1637},
  year      = {2018},
  doi       = {10.1109/TKDE.2018.2807452}
}
@article{tkde/LiBM03,
  author    = {Yuhua Li and
               Zuhair Bandar and
               David McLean},
  title     = {An Approach for Measuring Semantic Similarity between Words Using
               Multiple Information Sources},
  journal   = {{IEEE} Trans. Knowl. Data Eng.},
  volume    = {15},
  number    = {4},
  pages     = {871--882},
  year      = {2003},
  doi       = {10.1109/TKDE.2003.1209005}
}
@article{ka/GRUBER1993199,
  title = "A translation approach to portable ontology specifications",
  journal = "Knowledge Acquisition",
  volume = "5",
  number = "2",
  pages = "199 - 220",
  year = "1993",
  issn = "1042-8143",
  doi = "https://doi.org/10.1006/knac.1993.1008",
  author = "Thomas R. Gruber"
}
@article{geoinformatica/BallatoreBW14,
  author    = {Andrea Ballatore and
               Michela Bertolotto and
               David C. Wilson},
  title     = {An evaluative baseline for geo-semantic relatedness and similarity},
  journal   = {GeoInformatica},
  volume    = {18},
  number    = {4},
  pages     = {747--767},
  year      = {2014},
  doi       = {10.1007/s10707-013-0197-8}
}
@article{bib/GuzziMGC12,
  author    = {Pietro Hiram Guzzi and
               Marco Mina and
               Concettina Guerra and
               Mario Cannataro},
  title     = {Semantic similarity analysis of protein data: assessment with biological
               features and issues},
  journal   = {Briefings in Bioinformatics},
  volume    = {13},
  number    = {5},
  pages     = {569--585},
  year      = {2012},
  doi       = {10.1093/bib/bbr066}
}
@article{bmcbi/BenabderrahmaneSPND10,
  author    = {Sidahmed Benabderrahmane and
               Malika Sma{\"{\i}}l{-}Tabbone and
               Olivier Poch and
               Amedeo Napoli and
               Marie{-}Dominique Devignes},
  title     = {IntelliGO: a new vector-based semantic similarity measure including
               annotation origin},
  journal   = {{BMC} Bioinformatics},
  volume    = {11},
  pages     = {588},
  year      = {2010},
  doi       = {10.1186/1471-2105-11-588} 
}
@article{josis/JanowiczRK11,
  author    = {Krzysztof Janowicz and
               Martin Raubal and
               Werner Kuhn},
  title     = {The semantics of similarity in geographic information retrieval},
  journal   = {J. Spatial Information Science},
  volume    = {2},
  number    = {1},
  pages     = {29--57},
  year      = {2011},
  doi       = {10.5311/JOSIS.2011.2.3}
}

%iclr
@inproceedings{iclr/VelickovicCCRLB18,
  author    = {Petar Velickovic and
               Guillem Cucurull and
               Arantxa Casanova and
               Adriana Romero and
               Pietro Li{\`{o}} and
               Yoshua Bengio},
  title     = {Graph Attention Networks},
  booktitle = {6th International Conference on Learning Representations, {ICLR} 2018,
               Vancouver, BC, Canada, April 30 - May 3, 2018, Conference Track Proceedings},
  year      = {2018}
}

% aaai
@inproceedings{aaai/LiuZZZCWY17,
  author    = {Zemin Liu and
               Vincent W. Zheng and
               Zhou Zhao and
               Fanwei Zhu and
               Kevin Chen{-}Chuan Chang and
               Minghui Wu and
               Jing Ying},
  title     = {Semantic Proximity Search on Heterogeneous Graph by Proximity Embedding},
  booktitle = {Proceedings of the Thirty-First {AAAI} Conference on Artificial Intelligence,
               February 4-9, 2017, San Francisco, California, {USA}},
  pages     = {154--160},
  year      = {2017}
}
@inproceedings{aaai/NieZL17,
  author    = {Feiping Nie and
               Wei Zhu and
               Xuelong Li},
  title     = {Unsupervised Large Graph Embedding},
  booktitle = {Proceedings of the Thirty-First {AAAI} Conference on Artificial Intelligence,
               February 4-9, 2017, San Francisco, California, {USA}},
  pages     = {2422--2428},
  year      = {2017}
}
@inproceedings{aaai/WangCWP0Y17,
  author    = {Xiao Wang and
               Peng Cui and
               Jing Wang and
               Jian Pei and
               Wenwu Zhu and
               Shiqiang Yang},
  title     = {Community Preserving Network Embedding},
  booktitle = {Proceedings of the Thirty-First {AAAI} Conference on Artificial Intelligence,
               February 4-9, 2017, San Francisco, California, {USA}},
  pages     = {203--209},
  year      = {2017}
}
@inproceedings{aaai/WuG15,
  author    = {Zhaohui Wu and
               C. Lee Giles},
  title     = {Sense-Aaware Semantic Analysis: {A} Multi-Prototype Word Representation
               Model Using Wikipedia},
  booktitle = {AAAI,January 25-30, 2015, Austin, Texas, {USA.}},
  pages     = {2188--2194},
  year      = {2015}
}
@inproceedings{aaai/GongXH18,
  author    = {Xiaolong Gong and
               Hao Xu and
               Linpeng Huang},
  title     = {{HAN:} Hierarchical Association Network for Computing Semantic Relatedness},
  booktitle = {AAAI,New Orleans, Louisiana, USA, February 2-7, 2018},
  year      = {2018},
  timestamp = {Thu, 03 May 2018 17:03:19 +0200},
}
@inproceedings{aaai/ZhangZH15,
  author    = {Keyang Zhang and
               Kenny Q. Zhu and
               Seung{-}won Hwang},
  title     = {An Association Network for Computing Semantic Relatedness},
  booktitle = {AAAI,January 25-30, 2015, Austin, Texas, {USA.}},
  pages     = {593--600},
  year      = {2015},
  timestamp = {Mon, 08 Jun 2015 07:37:29 +0200},
}
@inproceedings{aaai/StrubeP06,
  author    = {Michael Strube and
               Simone Paolo Ponzetto},
  title     = {WikiRelate! Computing Semantic Relatedness Using Wikipedia},
  booktitle = {AAAI, July 16-20, 2006, Boston, Massachusetts, {USA}},
  pages     = {1419--1424},
  year      = {2006},
  timestamp = {Sat, 18 Jul 2015 12:34:08 +0200},
}
@inproceedings{aaai/ZeschMG08,
  author    = {Torsten Zesch and
               Christof M{\"{u}}ller and
               Iryna Gurevych},
  title     = {Using Wiktionary for Computing Semantic Relatedness},
  booktitle = {AAAI, Chicago, Illinois, USA, July 13-17, 2008},
  pages     = {861--866},
  year      = {2008},
  timestamp = {Mon, 10 Dec 2012 17:36:53 +0100},
}
@inproceedings{aaai/HassanM11,
  author    = {Samer Hassan and
               Rada Mihalcea},
  title     = {Semantic Relatedness Using Salient Semantic Analysis},
  booktitle = {AAAI, San Francisco, California, USA, August 7-11, 2011},
  year      = {2011},
  timestamp = {Tue, 09 Aug 2011 08:42:17 +0200},
}
@inproceedings{aaai/BordesWCB11,
  author    = {Antoine Bordes and
               Jason Weston and
               Ronan Collobert and
               Yoshua Bengio},
  title     = {Learning Structured Embeddings of Knowledge Bases},
  booktitle = {AAAI, San Francisco, California, USA, August 7-11, 2011},
  year      = {2011},
}
@inproceedings{aaai/Pirro12,
  author    = {Giuseppe Pirr{\`{o}}},
  title     = {REWOrD: Semantic Relatedness in the Web of Data},
  booktitle = {AAAI,
               July 22-26, 2012, Toronto, Ontario, Canada.},
  year      = {2012},
  timestamp = {Thu, 31 Jul 2014 11:17:14 +0200},
}
@inproceedings{aaai/WuFCABW18,
  author    = {Ledell Yu Wu and
               Adam Fisch and
               Sumit Chopra and
               Keith Adams and
               Antoine Bordes and
               Jason Weston},
  title     = {StarSpace: Embed All The Things!},
  booktitle = {AAAI, New Orleans, Louisiana, USA, February
               2-7, 2018},
  pages     = {5569--5577},
  year      = {2018}
}
@inproceedings{aaai/NavigliP12,
  author    = {Roberto Navigli and
               Simone Paolo Ponzetto},
  title     = {BabelRelate! {A} Joint Multilingual Approach to Computing Semantic
               Relatedness},
  booktitle = {AAAI,
               July 22-26, 2012, Toronto, Ontario, Canada.},
  year      = {2012},
  timestamp = {Thu, 31 Jul 2014 11:17:14 +0200},
}

@inproceedings{aaai/Milne08, 
  author = {David Milne and Ian H. Witten}, 
  title = {An Effective, Low-Cost Measure of Semantic Relatedness 
  Obtained from Wikipedia Links}, 
  booktitle = {AAAI Workshop on Wikipedia and Artificial Intelligence: an Evolving Synergy}, 
  pages = {25-30},
  year = {2008} 
}

%ijcai
@inproceedings{ijcai/BanerjeeP03,
  author    = {Satanjeev Banerjee and
               Ted Pedersen},
  title     = {Extended Gloss Overlaps as a Measure of Semantic Relatedness},
  booktitle = {IJCAI, Acapulco, Mexico, August 9-15, 2003},
  pages     = {805--810},
  year      = {2003},
  timestamp = {Thu, 25 Aug 2016 11:36:26 +0200},
}
@inproceedings{ijcai/GabrilovichM07,
  author    = {Evgeniy Gabrilovich and
               Shaul Markovitch},
  title     = {Computing Semantic Relatedness Using Wikipedia-based Explicit Semantic
               Analysis},
  booktitle = {IJCAI, Hyderabad, India, January 6-12, 2007},
  pages     = {1606--1611},
  year      = {2007},
  timestamp = {Wed, 20 Jul 2016 13:58:40 +0200},
}
@inproceedings{ijcai/ZhangFW13,
  author    = {Wei Zhang and
               Wei Feng and
               Jianyong Wang},
  title     = {Integrating Semantic Relatedness and Words' Intrinsic Features for
               Keyword Extraction},
  booktitle = {IJCAI, Beijing, China, August 3-9, 2013},
  pages     = {2225--2231},
  year      = {2013},
  timestamp = {Thu, 06 Apr 2017 17:48:30 +0200},
}
@inproceedings{ijcai/YazdaniP13,
  author    = {Majid Yazdani and
               Andrei Popescu{-}Belis},
  title     = {Computing Text Semantic Relatedness Using the Contents and Links of
               a Hypertext Encyclopedia: Extended Abstract},
  booktitle = {IJCAI, Beijing, China, August 3-9, 2013},
  pages     = {3185--3189},
  year      = {2013},
  timestamp = {Wed, 20 Jul 2016 15:16:56 +0200},
}
@inproceedings{ijcai/SenJHMOMVWH15,
  author    = {Shilad Sen and
               Isaac L. Johnson and
               Rebecca Harper and
               Huy Mai and
               Samuel Horlbeck Olsen and
               Benjamin Mathers and
               Laura Souza Vonessen and
               Matthew Wright and
               Brent J. Hecht},
  title     = {Towards Domain-Specific Semantic Relatedness: {A} Case Study from
               Geography},
  booktitle = {IJCAI, Buenos Aires, Argentina, July
               25-31, 2015},
  pages     = {2362--2370},
  year      = {2015},
  timestamp = {Thu, 01 Jun 2017 18:58:58 +0200},
}

%acl
@inproceedings{acl/YangS07,
  author    = {Xiaofeng Yang and
               Jian Su},
  title     = {Coreference Resolution Using Semantic Relatedness Information from
               Automatically Discovered Patterns},
  booktitle = {IJCAI, June 23-30, 2007, Prague, Czech Republic},
  year      = {2007},
  timestamp = {Wed, 10 May 2017 09:08:21 +0200},
}
@inproceedings{acl/Pucher07,
  author    = {Michael Pucher},
  title     = {WordNet-based Semantic Relatedness Measures in Automatic Speech Recognition
               for Meetings},
  booktitle = {ACL, June 23-30, 2007, Prague, Czech Republic},
  year      = {2007},
  timestamp = {Wed, 10 May 2017 09:08:21 +0200},
}
@inproceedings{acl/GurevychMZ07,
  author    = {Iryna Gurevych and
               Christof M{\"{u}}ller and
               Torsten Zesch},
  title     = {What to be? - Electronic Career Guidance Based on Semantic Relatedness},
  booktitle = {ACL, June 23-30, 2007, Prague, Czech Republic},
  year      = {2007},
  timestamp = {Wed, 10 May 2017 09:08:21 +0200},
}
@inproceedings{acl/HanZ10,
  author    = {Xianpei Han and
               Jun Zhao},
  title     = {Structural Semantic Relatedness: {A} Knowledge-Based Method to Named
               Entity Disambiguation},
  booktitle = {ACL, July 11-16, 2010, Uppsala, Sweden},
  pages     = {50--59},
  year      = {2010},
  timestamp = {Tue, 09 Sep 2014 19:24:36 +0200},
}
@inproceedings{DBLP:conf/acl/BernardiDMB13,
  author    = {Raffaella Bernardi and
               Georgiana Dinu and
               Marco Marelli and
               Marco Baroni},
  title     = {A relatedness benchmark to test the role of determiners in compositional
               distributional semantics},
  booktitle = {ACL, 4-9 August 2013, Sofia, Bulgaria, Volume
               2: Short Papers},
  pages     = {53--57},
  year      = {2013},
  timestamp = {Tue, 26 Nov 2013 16:42:48 +0100},
}
@inproceedings{acl/IacobacciPN15,
  author    = {Ignacio Iacobacci and
               Mohammad Taher Pilehvar and
               Roberto Navigli},
  title     = {SensEmbed: Learning Sense Embeddings for Word and Relational Similarity},
  booktitle = {ACL, July 26-31, 2015, Beijing, China, Volume 1: Long Papers},
  pages     = {95--105},
  year      = {2015},
}

%www
@inproceedings{www/LiMGM17,
  author    = {Cheng Li and
               Jiaqi Ma and
               Xiaoxiao Guo and
               Qiaozhu Mei},
  title     = {DeepCas: An End-to-end Predictor of Information Cascades},
  booktitle = {Proceedings of the 26th International Conference on World Wide Web,
               {WWW} 2017, Perth, Australia, April 3-7, 2017},
  pages     = {577--586},
  year      = {2017}
}
@inproceedings{www/WeiXCY17,
  author    = {Xiaokai Wei and
               Linchuan Xu and
               Bokai Cao and
               Philip S. Yu},
  title     = {Cross View Link Prediction by Learning Noise-resilient Representation
               Consensus},
  booktitle = {Proceedings of the 26th International Conference on World Wide Web,
               {WWW} 2017, Perth, Australia, April 3-7, 2017},
  pages     = {1611--1619},
  year      = {2017},
  doi       = {10.1145/3038912.3052575}
}
@inproceedings{www/SandulescuE15,
  author    = {Vlad Sandulescu and
               Martin Ester},
  title     = {Detecting Singleton Review Spammers Using Semantic Similarity},
  booktitle = {WWW, Florence, Italy, May 18-22, 2015 - Companion Volume},
  pages     = {971--976},
  year      = {2015},
}
@inproceedings{www/RadinskyAGM11,
  author    = {Kira Radinsky and
               Eugene Agichtein and
               Evgeniy Gabrilovich and
               Shaul Markovitch},
  title     = {A word at a time: computing word relatedness using temporal semantic analysis},
  booktitle = {WWW, Hyderabad, India, March 28 - April 1, 2011},
  pages     = {337--346},
  year      = {2011},
}

%other
@ARTICLE{its/Rada89, 
  author={R. Rada and H. Mili and E. Bicknell and M. Blettner}, 
  journal={IEEE Transactions on Systems, Man, and Cybernetics}, 
  title={Development and application of a metric on semantic nets}, 
  year={1989}, 
  volume={19}, 
  number={1}, 
  pages={17-30}, 
  month={Jan},
}

@article{tkde/ZhuI17,
  author    = {Ganggao Zhu and
               Carlos Angel Iglesias},
  title     = {Computing Semantic Similarity of Concepts in Knowledge Graphs},
  journal   = {{IEEE} Trans. Knowl. Data Eng.},
  volume    = {29},
  number    = {1},
  pages     = {72--85},
  year      = {2017},
}
@inproceedings{textgraphs/YehRMAS09,
  author    = {Eric Yeh and
               Daniel Ramage and
               Christopher D. Manning and
               Eneko Agirre and
               Aitor Soroa},
  title     = {WikiWalk: Random walks on Wikipedia for Semantic Relatedness},
  booktitle = {Proceedings of the Workshop on Graph-based Methods for Natural
               Language Processing, August 7, 2009, Singapore},
  pages     = {41--49},
  year      = {2009},
}
@article{corr/Mikolov13,
  author    = {Tomas Mikolov and
               Kai Chen and
               Greg Corrado and
               Jeffrey Dean},
  title     = {Efficient Estimation of Word Representations in Vector Space},
  journal   = {CoRR},
  year      = {2013},
}
@article{BudanitskyH06,
  author    = {Alexander Budanitsky and
               Graeme Hirst},
  title     = {Evaluating WordNet-based Measures of Lexical Semantic Relatedness},
  journal   = {Computational Linguistics},
  volume    = {32},
  number    = {1},
  pages     = {13--47},
  year      = {2006},
}

%psy
@article{Tversky77,
  author    = {Amos Tversky and Itamar Gati},
  title     = {Features of similarity.},
  journal   = {Psychological Review},
  volume    = {84},
  pages     = {327-352},
  year      = {1977}
}

%iwcs
@inproceedings{iwcs/LeongM11,
  author    = {Chee Wee Leong and Rada Mihalcea},
  title     = {Measuring the semantic relatedness between words and images},
  booktitle = {IWCS, January 12-14, 2011, Oxford, {UK}},
  year      = {2011},
}

%dataset
%RG65-sim/RC30
@article{RG65/RubensteinG65,
  author    = {Herbert Rubenstein and
               John B. Goodenough},
  title     = {Contextual correlates of synonymy},
  journal   = {Commun. {ACM}},
  volume    = {8},
  number    = {10},
  pages     = {627--633},
  year      = {1965},
}
%rel122-rel
@inproceedings{acl/SzumlanskiGS13,
  author    = {Sean R. Szumlanski and
               Fernando Gomez and
               Valerie K. Sims},
  title     = {A New Set of Norms for Semantic Relatedness Measures},
  booktitle = {ACL, 4-9 August 2013, Sofia, Bulgaria, Volume
               2: Short Papers},
  pages     = {890--895},
  year      = {2013},
  timestamp = {Tue, 26 Nov 2013 16:42:48 +0100},
}
%MEN
@article{MEN/BruniTB14,
  author    = {Elia Bruni and
               Nam{-}Khanh Tran and
               Marco Baroni},
  title     = {Multimodal Distributional Semantics},
  journal   = {J. Artif. Intell. Res.},
  volume    = {49},
  pages     = {1--47},
  year      = {2014},
}
%YP130
@INPROCEEDINGS{YP130/Yang06verbsimilarity,
    author = {Dongqiang Yang and David M. W. Powers},
    title = {Verb Similarity on the Taxonomy of Wordnet},
    booktitle = {In the 3rd International WordNet Conference (GWC-06), Jeju Island, Korea},
    year = {2006}
}
%Wordsim-rel
@inproceedings{ws/AgirreAHKPS09,
  author    = {Eneko Agirre and
               Enrique Alfonseca and
               Keith B. Hall and
               Jana Kravalova and
               Marius Pasca and
               Aitor Soroa},
  title     = {A Study on Similarity and Relatedness Using Distributional and WordNet-based
               Approaches},
  booktitle = {Conference of the North American Chapter
               of the Association of Computational Linguistics, Proceedings, May
               31 - June 5, 2009, Boulder, Colorado, {USA}},
  pages     = {19--27},
  year      = {2009},
}

@article{wordsim353/FinkelsteinGMRSWR02,
  author    = {Lev Finkelstein and
               Evgeniy Gabrilovich and
               Yossi Matias and
               Ehud Rivlin and
               Zach Solan and
               Gadi Wolfman and
               Eytan Ruppin},
  title     = {Placing search in context: the concept revisited},
  journal   = {{ACM} Trans. Inf. Syst.},
  volume    = {20},
  number    = {1},
  pages     = {116--131},
  year      = {2002},
}
%mc-30
@article{MC30/Miller02,
  author    = {George A. Miller and
               Walter G. Charles},
  title     = {Contextual correlates of semantic similarity},
  journal   = {Language and Cognitive Processes.},
  volume    = {6},
  number    = {1},
  pages     = {1--28},
  year      = {1991}
}
@inproceedings{emnlp/PenningtonSM14,
  author    = {Jeffrey Pennington and
               Richard Socher and
               Christopher D. Manning},
  title     = {Glove: Global Vectors for Word Representation},
  booktitle = {EMNLP, October 25-29, 2014, Doha, Qatar},
  pages     = {1532--1543},
  year      = {2014},
  timestamp = {Sat, 15 Nov 2014 14:45:18 +0100},
}
% network embedding
@inproceedings{kdd/DongCS17,
  author    = {Yuxiao Dong and
               Nitesh V. Chawla and
               Ananthram Swami},
  title     = {metapath2vec: Scalable Representation Learning for Heterogeneous Networks},
  booktitle = {Proceedings of the 23rd {ACM} {SIGKDD} International Conference on
               Knowledge Discovery and Data Mining, Halifax, NS, Canada, August 13
               - 17, 2017},
  pages     = {135--144},
  year      = {2017}
}
@inproceedings{kdd/Perozzi14,
 author = {Perozzi, Bryan and Al-Rfou, Rami and Skiena, Steven},
 title = {DeepWalk: Online Learning of Social Representations},
 booktitle = {ACM SIGKDD},
 series = {KDD '14},
 year = {2014},
 location = {New York, New York, USA},
 pages = {701--710},
 numpages = {10}
}
@inproceedings{kdd/GroverL16,
  author    = {Aditya Grover and
               Jure Leskovec},
  title     = {node2vec: Scalable Feature Learning for Networks},
  booktitle = {ACM SIGKDD, San Francisco, CA, USA, August
               13-17, 2016},
  pages     = {855--864},
  year      = {2016}  
}
@inproceedings{nips/HamiltonYL17,
  author    = {William L. Hamilton and
               Zhitao Ying and
               Jure Leskovec},
  title     = {Inductive Representation Learning on Large Graphs},
  booktitle = {Advances in Neural Information Processing Systems 30: Annual Conference
               on Neural Information Processing Systems 2017, 4-9 December 2017,
               Long Beach, CA, {USA}},
  pages     = {1024--1034},
  year      = {2017}
}
@inproceedings{nips/DefferrardBV16,
  author    = {Micha{\"{e}}l Defferrard and
               Xavier Bresson and
               Pierre Vandergheynst},
  title     = {Convolutional Neural Networks on Graphs with Fast Localized Spectral
               Filtering},
  booktitle = {Advances in Neural Information Processing Systems 29: Annual Conference
               on Neural Information Processing Systems 2016, December 5-10, 2016,
               Barcelona, Spain},
  pages     = {3837--3845},
  year      = {2016}
}
@inproceedings{nips/BordesUGWY13,
  author    = {Antoine Bordes and
               Nicolas Usunier and
               Alberto Garc{\'{\i}}a{-}Dur{\'{a}}n and
               Jason Weston and
               Oksana Yakhnenko},
  title     = {Translating Embeddings for Modeling Multi-relational Data},
  booktitle = {27th Annual Conference on Neural Information Processing Systems.
               December 5-8, 2013, Lake Tahoe, Nevada, United States.},
  pages     = {2787--2795},
  year      = {2013},
}
@article{pvldb/YangFWLLD18,
  author    = {Jingru Yang and
               Ju Fan and
               Zhewei Wei and
               Guoliang Li and
               Tongyu Liu and
               Xiaoyong Du},
  title     = {Cost-Effective Data Annotation using Game-Based Crowdsourcing},
  journal   = {{PVLDB}},
  volume    = {12},
  number    = {1},
  pages     = {57--70},
  year      = {2018},
}
@inproceedings{icde/FanLOTZ14,
  author    = {Ju Fan and
               Meiyu Lu and
               Beng Chin Ooi and
               Wang{-}Chiew Tan and
               Meihui Zhang},
  title     = {A hybrid machine-crowdsourcing system for matching web tables},
  booktitle = {{IEEE} 30th International Conference on Data Engineering, Chicago,
               {ICDE} 2014},
  pages     = {976--987},
  year      = {2014},
}
@inproceedings{mm/CaiHH07,
  author    = {Deng Cai and
               Xiaofei He and
               Jiawei Han},
  title     = {Spectral regression: a unified subspace learning framework for content-based
               image retrieval},
  booktitle = {Proceedings of the 15th International Conference on Multimedia 2007,
               Augsburg, Germany, September 24-29, 2007},
  pages     = {403--412},
  year      = {2007},
  doi       = {10.1145/1291233.1291329}
}
@inproceedings{nips/HeN03,
  author    = {Xiaofei He and
               Partha Niyogi},
  title     = {Locality Preserving Projections},
  booktitle = {Advances in Neural Information Processing Systems 16 [Neural Information
               Processing Systems, {NIPS} 2003, December 8-13, 2003, Vancouver and
               Whistler, British Columbia, Canada]},
  pages     = {153--160},
  year      = {2003}
}
@inproceedings{nips/HofmannB94,
  author    = {Thomas Hofmann and
               Joachim M. Buhmann},
  title     = {Multidimensional Scaling and Data Clustering},
  booktitle = {Advances in Neural Information Processing Systems 7, {[NIPS} Conference,
               Denver, Colorado, USA, 1994]},
  pages     = {459--466},
  year      = {1994}
}
@article{NM/Golub70,
  author = {Golub, G. H. and Reinsch, C.},
  title = {Singular Value Decomposition and Least Squares Solutions},
  year = {1970},
  issue_date = {April 1970},
  publisher = {Springer-Verlag},
  address = {Berlin, Heidelberg},
  volume = {14},
  number = {5},
  issn = {0029-599X},
  doi = {10.1007/BF02163027},
  journal = {Numer. Math.},
  month = apr,
  pages = {403–420},
  numpages = {18}
}
@inproceedings{ijcnn/JinLLZZW16,
  author    = {Zhipeng Jin and
               Ruoran Liu and
               Qiudan Li and
               Daniel Dajun Zeng and
               YongCheng Zhan and
               Lei Wang},
  title     = {Predicting user's multi-interests with network embedding in health-related
               topics},
  booktitle = {2016 International Joint Conference on Neural Networks, {IJCNN} 2016,
               Vancouver, BC, Canada, July 24-29, 2016},
  pages     = {2568--2575},
  year      = {2016}
}
@article{neco/HochreiterS97,
  author    = {Sepp Hochreiter and
               J{\"{u}}rgen Schmidhuber},
  title     = {Long Short-Term Memory},
  journal   = {Neural Computation},
  volume    = {9},
  number    = {8},
  pages     = {1735--1780},
  year      = {1997}
}
@inproceedings{ssst/ChoMBB14,
  author    = {Kyunghyun Cho and
               Bart van Merrienboer and
               Dzmitry Bahdanau and
               Yoshua Bengio},
  title     = {On the Properties of Neural Machine Translation: Encoder-Decoder Approaches},
  booktitle = {Proceedings of SSST@EMNLP 2014, Eighth Workshop on Syntax, Semantics
               and Structure in Statistical Translation, Doha, Qatar, 25 October
               2014},
  pages     = {103--111},
  year      = {2014}
}
@article{corr/Zonghan19,
  author    = {Zonghan Wu and
               Shirui Pan and
               Fengwen Chen and
               Guodong Long and
               Chengqi Zhang and
               Philip S. Yu},
  title     = {A Comprehensive Survey on Graph Neural Networks},
  journal   = {CoRR},
  volume    = {abs/1901.00596},
  year      = {2019},
  archivePrefix = {arXiv},
  eprint    = {1901.00596}
}
@inbook{MP/Yann,
title = "Convolutional networks for images, speech, and time-series",
author = "Yann Lecun and Yoshua Bengio",
year = "1995",
language = "English (US)",
editor = "M.A. Arbib",
booktitle = "The handbook of brain theory and neural networks",
publisher = "MIT Press",
}
@article{corr/VaswaniSPUJGKP17,
  author    = {Ashish Vaswani and
               Noam Shazeer and
               Niki Parmar and
               Jakob Uszkoreit and
               Llion Jones and
               Aidan N. Gomez and
               Lukasz Kaiser and
               Illia Polosukhin},
  title     = {Attention Is All You Need},
  journal   = {CoRR},
  volume    = {abs/1706.03762},
  year      = {2017},
  archivePrefix = {arXiv},
  eprint    = {1706.03762}
}
@inproceedings{icml/VincentLBM08,
  author    = {Pascal Vincent and
               Hugo Larochelle and
               Yoshua Bengio and
               Pierre{-}Antoine Manzagol},
  title     = {Extracting and composing robust features with denoising autoencoders},
  booktitle = {Machine Learning, Proceedings of the Twenty-Fifth International Conference
               {(ICML} 2008), Helsinki, Finland, June 5-9, 2008},
  pages     = {1096--1103},
  year      = {2008}
}
@article{corr/KipfW16a,
  author    = {Thomas N. Kipf and
               Max Welling},
  title     = {Variational Graph Auto-Encoders},
  journal   = {CoRR},
  volume    = {abs/1611.07308},
  year      = {2016},
  url       = {http://arxiv.org/abs/1611.07308},
  archivePrefix = {arXiv},
  eprint    = {1611.07308}
}
@inbook{OM/Bird09,
  author = {Bird, Steven and Klein, Ewan and Loper, Edward},
  title = {Natural Language Processing with Python},
  year = {2009},
  isbn = {0596516495},
  publisher = {O’Reilly Media, Inc.},
  edition = {1st}
}
@article{陆伟实体链接研究综述,
  title={实体链接研究综述},
  author={陆伟 武川},
  journal={情报学报},
  number={34},
  volume={1},
  pages={112},
  yead = {2015}
}